ti@article{tino2001financial,
  title={Financial volatility trading using recurrent neural networks},
  author={Tino, Peter and Schittenkopf, Christian and Dorffner, Georg},
  journal={IEEE transactions on neural networks},
  volume={12},
  number={4},
  pages={865--874},
  year={2001},
  publisher={IEEE}
}

@article{bai2018empirical,
  title={An empirical evaluation of generic convolutional and recurrent networks for sequence modeling},
  author={Bai, Shaojie and Kolter, J Zico and Koltun, Vladlen},
  journal={arXiv preprint arXiv:1803.01271},
  year={2018}
}

@article{kim2019forecasting,
  title={Forecasting stock prices with a feature fusion LSTM-CNN model using different representations of the same data},
  author={Kim, Taewook and Kim, Ha Young},
  journal={PloS one},
  volume={14},
  number={2},
  pages={e0212320},
  year={2019},
  publisher={Public Library of Science San Francisco, CA USA}
}

@article{krauss2017deep,
  title={Deep neural networks, gradient-boosted trees, random forests: Statistical arbitrage on the S\&P 500},
  author={Krauss, Christopher and Do, Xuan Anh and Huck, Nicolas},
  journal={European Journal of Operational Research},
  volume={259},
  number={2},
  pages={689--702},
  year={2017},
  publisher={Elsevier}
}


@inproceedings{chen2015lstm,
  title={A LSTM-based method for stock returns prediction: A case study of China stock market},
  author={Chen, Kai and Zhou, Yi and Dai, Fangyan},
  booktitle={2015 IEEE international conference on big data (big data)},
  pages={2823--2824},
  year={2015},
  organization={IEEE}
}



@article{shen2012stock,
  title={Stock market forecasting using machine learning algorithms},
  author={Shen, Shunrong and Jiang, Haomiao and Zhang, Tongda},
  journal={Department of Electrical Engineering, Stanford University, Stanford, CA},
  pages={1--5},
  year={2012}
}


@article{fischer2018deep,
  title={Deep learning with long short-term memory networks for financial market predictions},
  author={Fischer, Thomas and Krauss, Christopher},
  journal={European journal of operational research},
  volume={270},
  number={2},
  pages={654--669},
  year={2018},
  publisher={Elsevier}
}


@incollection{takeuchi2013applying,
  title={Applying deep learning to enhance momentum trading strategies in stocks},
  author={Takeuchi, Lawrence and Lee, Yu-Ying Albert},
  booktitle={Technical Report},
  year={2013},
  publisher={Stanford University Stanford, CA, USA}
}


@article{atsalakis2009surveying,
  title={Surveying stock market forecasting techniques--Part II: Soft computing methods},
  author={Atsalakis, George S and Valavanis, Kimon P},
  journal={Expert Systems with applications},
  volume={36},
  number={3},
  pages={5932--5941},
  year={2009},
  publisher={Elsevier}
}


@article{leung2000forecasting,
  title={Forecasting stock indices: a comparison of classification and level estimation models},
  author={Leung, Mark T and Daouk, Hazem and Chen, An-Sing},
  journal={International Journal of forecasting},
  volume={16},
  number={2},
  pages={173--190},
  year={2000},
  publisher={Elsevier}
}

@article{zhou2019cascading,
  title={Cascading logistic regression onto gradient boosted decision trees for forecasting and trading stock indices},
  author={Zhou, Feng and Zhang, Qun and Sornette, Didier and Jiang, Liu},
  journal={Applied Soft Computing},
  volume={84},
  pages={105747},
  year={2019},
  publisher={Elsevier}
}


@inproceedings{bao2004forecasting,
  title={Forecasting stock price by SVMs regression},
  author={Bao, Yukun and Lu, Yansheng and Zhang, Jinlong},
  booktitle={Artificial Intelligence: Methodology, Systems, and Applications: 11th International Conference, AIMSA 2004, Varna, Bulgaria, September 2-4, 2004. Proceedings 11},
  pages={295--303},
  year={2004},
  organization={Springer}
}

@article{brunhuemer2022supervised,
  title={Supervised machine learning classification for short straddles on the S\&P500},
  author={Brunhuemer, Alexander and Larcher, Lukas and Seidl, Philipp and Desmettre, Sascha and Kofler, Johannes and Larcher, Gerhard},
  journal={Risks},
  volume={10},
  number={12},
  pages={235},
  year={2022},
  publisher={MDPI}
}


@article{dai2022price,
  title={Price change prediction of ultra high frequency financial data based on temporal convolutional network},
  author={Dai, Wei and An, Yuan and Long, Wen},
  journal={Procedia Computer Science},
  volume={199},
  pages={1177--1183},
  year={2022},
  publisher={Elsevier}
}

@article{cen2022financial,
  title={Financial Market Correlation Analysis and Stock Selection Application Based on TCN-Deep Clustering},
  author={Cen, Yuefeng and Luo, Mingxing and Cen, Gang and Zhao, Cheng and Cheng, Zhigang},
  journal={Future Internet},
  volume={14},
  number={11},
  pages={331},
  year={2022},
  publisher={MDPI}
}


@article{lei2021volatility,
  title={Volatility forecasting for high-frequency financial data based on web search index and deep learning model},
  author={Lei, Bolin and Zhang, Boyu and Song, Yuping},
  journal={Mathematics},
  volume={9},
  number={4},
  pages={320},
  year={2021},
  publisher={MDPI}
}


@article{zhan2022exploring,
  title={Exploring statistical arbitrage opportunities using machine learning strategy},
  author={Zhan, Baoqiang and Zhang, Shu and Du, Helen S and Yang, Xiaoguang},
  journal={Computational Economics},
  volume={60},
  number={3},
  pages={861--882},
  year={2022},
  publisher={Springer}
}

@article{hogan2004testing,
  title={Testing market efficiency using statistical arbitrage with applications to momentum and value strategies},
  author={Hogan, Steve and Jarrow, Robert and Teo, Melvyn and Warachka, Mitch},
  journal={Journal of Financial economics},
  volume={73},
  number={3},
  pages={525--565},
  year={2004},
  publisher={Elsevier}
}

@article{hafezi2015bat,
  title={A bat-neural network multi-agent system (BNNMAS) for stock price prediction: Case study of DAX stock price},
  author={Hafezi, Reza and Shahrabi, Jamal and Hadavandi, Esmaeil},
  journal={Applied Soft Computing},
  volume={29},
  pages={196--210},
  year={2015},
  publisher={Elsevier}
}


@article{lohrmann2019classification,
  title={Classification of intraday S\&P500 returns with a Random Forest},
  author={Lohrmann, Christoph and Luukka, Pasi},
  journal={International Journal of Forecasting},
  volume={35},
  number={1},
  pages={390--407},
  year={2019},
  publisher={Elsevier}
}

@article{kurani2023comprehensive,
  title={A comprehensive comparative study of artificial neural network (ANN) and support vector machines (SVM) on stock forecasting},
  author={Kurani, Akshit and Doshi, Pavan and Vakharia, Aarya and Shah, Manan},
  journal={Annals of Data Science},
  volume={10},
  number={1},
  pages={183--208},
  year={2023},
  publisher={Springer}
}


@article{lewellen2002momentum,
  title={Momentum and autocorrelation in stock returns},
  author={Lewellen, Jonathan},
  journal={The Review of Financial Studies},
  volume={15},
  number={2},
  pages={533--564},
  year={2002},
  publisher={Oxford University Press}
}

@article{koutmos1997feedback,
  title={Feedback trading and the autocorrelation pattern of stock returns: further empirical evidence},
  author={Koutmos, Gregory},
  journal={Journal of international money and finance},
  volume={16},
  number={4},
  pages={625--636},
  year={1997},
  publisher={Elsevier}
}

@article{schwartz1977time,
  title={The time-variance relationship: Evidence on autocorrelation in common stock returns},
  author={Schwartz, Robert A and Whitcomb, David K},
  journal={The Journal of Finance},
  volume={32},
  number={1},
  pages={41--55},
  year={1977},
  publisher={JSTOR}
}

@article{zhong2017forecasting,
  title={Forecasting daily stock market return using dimensionality reduction},
  author={Zhong, Xiao and Enke, David},
  journal={Expert systems with applications},
  volume={67},
  pages={126--139},
  year={2017},
  publisher={Elsevier}
}`



@article{enke2005use,
  title={The use of data mining and neural networks for forecasting stock market returns},
  author={Enke, David and Thawornwong, Suraphan},
  journal={Expert Systems with applications},
  volume={29},
  number={4},
  pages={927--940},
  year={2005},
  publisher={Elsevier}
}


@misc{refinitiv, url={https://www.refinitiv.com/content/dam/marketing/en_us/documents/methodology/trbc-business-classifcation-methodology.pdf}, journal={The Refinitiv Business Classification methodology}} 


@inproceedings{siami2018comparison,
  title={A comparison of ARIMA and LSTM in forecasting time series},
  author={Siami-Namini, Sima and Tavakoli, Neda and Namin, Akbar Siami},
  booktitle={2018 17th IEEE international conference on machine learning and applications (ICMLA)},
  pages={1394--1401},
  year={2018},
  organization={IEEE}
}


@inproceedings{ma2020comparison,
  title={Comparison of ARIMA, ANN and LSTM for stock price prediction},
  author={Ma, Qihang},
  booktitle={E3S Web of Conferences},
  volume={218},
  pages={01026},
  year={2020},
  organization={EDP Sciences}
}


@article{kara2011predicting,
  title={Predicting direction of stock price index movement using artificial neural networks and support vector machines: The sample of the Istanbul Stock Exchange},
  author={Kara, Yakup and Boyacioglu, Melek Acar and Baykan, {\"O}mer Kaan},
  journal={Expert systems with Applications},
  volume={38},
  number={5},
  pages={5311--5319},
  year={2011},
  publisher={Elsevier}
}


@inproceedings{karmiani2019comparison,
  title={Comparison of predictive algorithms: backpropagation, SVM, LSTM and Kalman Filter for stock market},
  author={Karmiani, Divit and Kazi, Ruman and Nambisan, Ameya and Shah, Aastha and Kamble, Vijaya},
  booktitle={2019 amity international conference on artificial intelligence (AICAI)},
  pages={228--234},
  year={2019},
  organization={IEEE}
}

@inproceedings{gopali2021comparison,
  title={A comparison of tcn and lstm models in detecting anomalies in time series data},
  author={Gopali, Saroj and Abri, Faranak and Siami-Namini, Sima and Namin, Akbar Siami},
  booktitle={2021 IEEE International Conference on Big Data (Big Data)},
  pages={2415--2420},
  year={2021},
  organization={IEEE}
}

@article{khaidem2016predicting,
  title={Predicting the direction of stock market prices using random forest},
  author={Khaidem, Luckyson and Saha, Snehanshu and Dey, Sudeepa Roy},
  journal={arXiv preprint arXiv:1605.00003},
  year={2016}
}

@inproceedings{kumar2006forecasting,
  title={Forecasting stock index movement: A comparison of support vector machines and random forest},
  author={Kumar, Manish and Thenmozhi, M},
  booktitle={Indian institute of capital markets 9th capital markets conference paper},
  year={2006}
}


@article{kamara2022ensemble,
  title={An ensemble of a boosted hybrid of deep learning models and technical analysis for forecasting stock prices},
  author={Kamara, Amadu Fullah and Chen, Enhong and Pan, Zhen},
  journal={Information Sciences},
  volume={594},
  pages={1--19},
  year={2022},
  publisher={Elsevier}
}


@article{ballings2015evaluating,
  title={Evaluating multiple classifiers for stock price direction prediction},
  author={Ballings, Michel and Van den Poel, Dirk and Hespeels, Nathalie and Gryp, Ruben},
  journal={Expert systems with Applications},
  volume={42},
  number={20},
  pages={7046--7056},
  year={2015},
  publisher={Elsevier}
}


@inproceedings{hu2021stock,
  title={Stock price prediction based on temporal fusion transformer},
  author={Hu, Xiaokang},
  booktitle={2021 3rd International Conference on Machine Learning, Big Data and Business Intelligence (MLBDBI)},
  pages={60--66},
  year={2021},
  organization={IEEE}
}


@article{lim2021temporal,
  title={Temporal fusion transformers for interpretable multi-horizon time series forecasting},
  author={Lim, Bryan and Ar{\i}k, Sercan {\"O} and Loeff, Nicolas and Pfister, Tomas},
  journal={International Journal of Forecasting},
  volume={37},
  number={4},
  pages={1748--1764},
  year={2021},
  publisher={Elsevier}
}


@article{vaswani2017attention,
  title={Attention is all you need},
  author={Vaswani, Ashish and Shazeer, Noam and Parmar, Niki and Uszkoreit, Jakob and Jones, Llion and Gomez, Aidan N and Kaiser, {\L}ukasz and Polosukhin, Illia},
  journal={Advances in neural information processing systems},
  volume={30},
  year={2017}
}

@article{lim2019enhancing,
  title={Enhancing time series momentum strategies using deep neural networks},
  author={Lim, Bryan and Zohren, Stefan and Roberts, Stephen},
  journal={arXiv preprint arXiv:1904.04912},
  year={2019}
}

@article{moskowitz2012time,
  title={Time series momentum},
  author={Moskowitz, Tobias J and Ooi, Yao Hua and Pedersen, Lasse Heje},
  journal={Journal of financial economics},
  volume={104},
  number={2},
  pages={228--250},
  year={2012},
  publisher={Elsevier}
}


@article{chan1999profitability,
  title={The profitability of momentum strategies},
  author={Chan, Louis KC and Jegadeesh, Narasimhan and Lakonishok, Josef},
  journal={Financial Analysts Journal},
  volume={55},
  number={6},
  pages={80--90},
  year={1999},
  publisher={Taylor \& Francis}
}


@article{jegadeesh1993returns,
  title={Returns to buying winners and selling losers: Implications for stock market efficiency},
  author={Jegadeesh, Narasimhan and Titman, Sheridan},
  journal={The Journal of finance},
  volume={48},
  number={1},
  pages={65--91},
  year={1993},
  publisher={Wiley Online Library}
}


@article{jegadeesh2001profitability,
  title={Profitability of momentum strategies: An evaluation of alternative explanations},
  author={Jegadeesh, Narasimhan and Titman, Sheridan},
  journal={The Journal of finance},
  volume={56},
  number={2},
  pages={699--720},
  year={2001},
  publisher={Wiley Online Library}
}


@article{rouwenhorst1998international,
  title={International momentum strategies},
  author={Rouwenhorst, K Geert},
  journal={The journal of finance},
  volume={53},
  number={1},
  pages={267--284},
  year={1998},
  publisher={Wiley Online Library}
}


@article{jegadeesh2023momentum,
  title={Momentum: Evidence and insights 30 years later},
  author={Jegadeesh, Narasimhan and Titman, Sheridan},
  journal={Pacific-Basin Finance Journal},
  pages={102202},
  year={2023},
  publisher={Elsevier}
}


@article{avellaneda2010statistical,
  title={Statistical arbitrage in the US equities market},
  author={Avellaneda, Marco and Lee, Jeong-Hyun},
  journal={Quantitative Finance},
  volume={10},
  number={7},
  pages={761--782},
  year={2010},
  publisher={Taylor \& Francis}
}


@book{lo2010hedge,
  title={Hedge funds: An analytic perspective},
  author={Lo, Andrew W},
  year={2010},
  publisher={Princeton University Press}
}


@article{poh2021building,
  title={Building cross-sectional systematic strategies by learning to rank},
  author={Poh, Daniel and Lim, Bryan and Zohren, Stefan and Roberts, Stephen},
  journal={The Journal of Financial Data Science},
  volume={3},
  number={2},
  pages={70--86},
  year={2021},
  publisher={Institutional Investor Journals Umbrella}
}


@article{zhang2022statistical,
  title={Statistical arbitrage with momentum using machine learning},
  author={Zhang, Maojun and Tang, Xiaohai and Zhao, Shengpei and Wang, Wenhua and Zhao, Yang},
  journal={Procedia Computer Science},
  volume={202},
  pages={194--202},
  year={2022},
  publisher={Elsevier}
}


@inproceedings{fjellstrom2022long,
  title={Long short-term memory neural network for financial time series},
  author={Fjellstr{\"o}m, Carmina},
  booktitle={2022 IEEE International Conference on Big Data (Big Data)},
  pages={3496--3504},
  year={2022},
  organization={IEEE}
}


@inproceedings{frino2008performance,
  title={The performance of the 130/30 strategy in the Australian equities market},
  author={Frino, Alex and Jarnecic, Elvis and Das, Abhishek},
  booktitle={21st Australasian Finance and Banking Conference},
  year={2008}
}

@article{lo2008130,
  title={130/30: The new long-only},
  author={Lo, Andrew W and Patel, Pankaj N},
  journal={INSTITUTIONAL INVESTOR-NEW YORK-},
  volume={42},
  number={5},
  pages={186},
  year={2008},
  publisher={INSTITUTIONAL INVESTOR INC}
}


@incollection{guerard2010stock,
  title={Stock-selection modeling and data mining corrections: Long-only versus 130/30 models},
  author={Guerard Jr, John B and Chettiappan, Sundaram and Xu, GanLin},
  booktitle={Handbook of portfolio construction},
  pages={621--648},
  year={2010},
  publisher={Springer}
}


@article{sorensen2006aspects,
  title={Aspects of constrained long-short equity portfolios},
  author={Sorensen, Eric H and Hua, Ronald and Qian, Edward},
  journal={Journal of Portfolio Management},
  volume={33},
  number={2},
  pages={12},
  year={2006},
  publisher={INSTITUTIONAL INVESTOR INC}
}

@article{huck2009pairs,
  title={Pairs selection and outranking: An application to the S\&P 100 index},
  author={Huck, Nicolas},
  journal={European Journal of Operational Research},
  volume={196},
  number={2},
  pages={819--825},
  year={2009},
  publisher={Elsevier}
}


@article{nti2020systematic,
  title={A systematic review of fundamental and technical analysis of stock market predictions},
  author={Nti, Isaac Kofi and Adekoya, Adebayo Felix and Weyori, Benjamin Asubam},
  journal={Artificial Intelligence Review},
  volume={53},
  number={4},
  pages={3007--3057},
  year={2020},
  publisher={Springer}
}


@inproceedings{attigeri2015stock,
  title={Stock market prediction: A big data approach},
  author={Attigeri, Girija V and MM, Manohara Pai and Pai, Radhika M and Nayak, Aparna},
  booktitle={TENCON 2015-2015 IEEE Region 10 Conference},
  pages={1--5},
  year={2015},
  organization={IEEE}
}

@article{ican2017stock,
  title={Stock market prediction performance of neural networks: A literature review},
  author={Ican, Ozgur and Celik, Taha Bugra and others},
  journal={International Journal of Economics and Finance},
  volume={9},
  number={11},
  pages={100--108},
  year={2017},
  publisher={Canadian Center of Science and Education}
}


@inproceedings{li2015tensor,
  title={Tensor-based learning for predicting stock movements},
  author={Li, Qing and Jiang, LiLing and Li, Ping and Chen, Hsinchun},
  booktitle={Proceedings of the AAAI Conference on Artificial Intelligence},
  volume={29},
  number={1},
  year={2015}
}


@article{li2020stock,
  title={Stock market forecasting using deep learning and technical analysis: a systematic review},
  author={Li, Audeliano Wolian and Bastos, Guilherme Sousa},
  journal={IEEE access},
  volume={8},
  pages={185232--185242},
  year={2020},
  publisher={IEEE}
}


@article{moritz2016tree,
  title={Tree-based conditional portfolio sorts: The relation between past and future stock returns},
  author={Moritz, Benjamin and Zimmermann, Tom},
  journal={Available at SSRN 2740751},
  year={2016}
}


@article{novy2012momentum,
  title={Is momentum really momentum?},
  author={Novy-Marx, Robert},
  journal={Journal of Financial Economics},
  volume={103},
  number={3},
  pages={429--453},
  year={2012},
  publisher={Elsevier}
}


@article{gandhmal2019systematic,
  title={Systematic analysis and review of stock market prediction techniques},
  author={Gandhmal, Dattatray P and Kumar, K},
  journal={Computer Science Review},
  volume={34},
  pages={100190},
  year={2019},
  publisher={Elsevier}
}


@article{kumbure2022machine,
  title={Machine learning techniques and data for stock market forecasting: A literature review},
  author={Kumbure, Mahinda Mailagaha and Lohrmann, Christoph and Luukka, Pasi and Porras, Jari},
  journal={Expert Systems with Applications},
  volume={197},
  pages={116659},
  year={2022},
  publisher={Elsevier}
}

@article{zhong2017comprehensive,
  title={A comprehensive cluster and classification mining procedure for daily stock market return forecasting},
  author={Zhong, Xiao and Enke, David},
  journal={Neurocomputing},
  volume={267},
  pages={152--168},
  year={2017},
  publisher={Elsevier}
}

@article{vilela2019forecasting,
  title={Forecasting financial series using clustering methods and support vector regression},
  author={Vilela, Lucas FS and Leme, Rafael C and Pinheiro, Carlos AM and Carpinteiro, Ot{\'a}vio AS},
  journal={Artificial Intelligence Review},
  volume={52},
  pages={743--773},
  year={2019},
  publisher={Springer}
}


@article{makridakis1997arma,
  title={ARMA models and the Box--Jenkins methodology},
  author={Makridakis, Spyros and Hibon, Michele},
  journal={Journal of forecasting},
  volume={16},
  number={3},
  pages={147--163},
  year={1997},
  publisher={Wiley Online Library}
}

@article{adebayo2014forecasting,
  title={Forecasting stock market series with ARIMA model},
  author={Adebayo, Fatai Adewole and Sivasamy, Ramysamy and Shangodoyin, Dahud Kehinde},
  journal={Journal of Statistical and Econometric Methods},
  volume={3},
  number={3},
  pages={65--77},
  year={2014},
  publisher={SCIENPRESS Ltd}
}

@article{mondal2014study,
  title={Study of effectiveness of time series modeling (ARIMA) in forecasting stock prices},
  author={Mondal, Prapanna and Shit, Labani and Goswami, Saptarsi},
  journal={International Journal of Computer Science, Engineering and Applications},
  volume={4},
  number={2},
  pages={13},
  year={2014},
  publisher={Citeseer}
}

@inproceedings{ariyo2014stock,
  title={Stock price prediction using the ARIMA model},
  author={Ariyo, Adebiyi A and Adewumi, Adewumi O and Ayo, Charles K},
  booktitle={2014 UKSim-AMSS 16th international conference on computer modelling and simulation},
  pages={106--112},
  year={2014},
  organization={IEEE}
}

@article


@book{deboeck1994trading,
  title={Trading on the edge: neural, genetic, and fuzzy systems for chaotic financial markets},
  author={Deboeck, Guido J},
  volume={39},
  year={1994},
  publisher={John Wiley \& Sons}
}

@article{chavas1993market,
  title={Market instability and nonlinear dynamics},
  author={Chavas, Jean-Paul and Holt, Matthew T},
  journal={American Journal of Agricultural Economics},
  volume={75},
  number={1},
  pages={113--120},
  year={1993},
  publisher={Wiley Online Library}
}


@article{klioutchnikov2017chaos,
  title={Chaos theory in finance},
  author={Klioutchnikov, Igor and Sigova, Mariia and Beizerov, Nikita},
  journal={Procedia computer science},
  volume={119},
  pages={368--375},
  year={2017},
  publisher={Elsevier}
}

@article{frazier2018tutorial,
  title={A tutorial on Bayesian optimization},
  author={Frazier, Peter I},
  journal={arXiv preprint arXiv:1807.02811},
  year={2018}
}


@article{grinold2000efficiency,
  title={The efficiency gains of long--short investing},
  author={Grinold, Richard C and Kahn, Ronald N},
  journal={Financial Analysts Journal},
  volume={56},
  number={6},
  pages={40--53},
  year={2000},
  publisher={Taylor \& Francis}
}

@article{sorensen2006aspects,
  title={Aspects of constrained long-short equity portfolios},
  author={Sorensen, Eric H and Hua, Ronald and Qian, Edward},
  journal={Journal of Portfolio Management},
  volume={33},
  number={2},
  pages={12},
  year={2006},
  publisher={INSTITUTIONAL INVESTOR INC}
}


@article{thissen2003using,
  title={Using support vector machines for time series prediction},
  author={Thissen, UVBR and Van Brakel, R and De Weijer, AP and Melssen, WJ and Buydens, LMC},
  journal={Chemometrics and intelligent laboratory systems},
  volume={69},
  number={1-2},
  pages={35--49},
  year={2003},
  publisher={Elsevier}
}


@article{rady2021time,
  title={Time series forecasting using tree based methods},
  author={Rady, EHA and Fawzy, Haitham and Fattah, Amal Mohamed Abdel},
  journal={J. Stat. Appl. Probab},
  volume={10},
  number={1},
  pages={229--244},
  year={2021}
}

@article{chang2011trend,
  title={Trend discovery in financial time series data using a case based fuzzy decision tree},
  author={Chang, Pei-Chann and Fan, Chin-Yuan and Lin, Jun-Lin},
  journal={Expert Systems with Applications},
  volume={38},
  number={5},
  pages={6070--6080},
  year={2011},
  publisher={Elsevier}
}

@article{dey2016forecasting,
  title={Forecasting to Classification: Predicting the direction of stock market price using Xtreme Gradient Boosting},
  author={Dey, Shubharthi and Kumar, Yash and Saha, Snehanshu and Basak, Suryoday},
  journal={PESIT South Campus},
  pages={1--10},
  year={2016}
}

@article{dingli2017financial,
  title={Financial time series forecasting-a deep learning approach},
  author={Dingli, Alexiei and Fournier, Karl Sant},
  journal={International Journal of Machine Learning and Computing},
  volume={7},
  number={5},
  pages={118--122},
  year={2017}
}


@article{o2015introduction,
  title={An introduction to convolutional neural networks},
  author={O'shea, Keiron and Nash, Ryan},
  journal={arXiv preprint arXiv:1511.08458},
  year={2015}
}

@article{bebis1994feed,
  title={Feed-forward neural networks},
  author={Bebis, George and Georgiopoulos, Michael},
  journal={Ieee Potentials},
  volume={13},
  number={4},
  pages={27--31},
  year={1994},
  publisher={Ieee}
}

@article{zou2009overview,
  title={Overview of artificial neural networks},
  author={Zou, Jinming and Han, Yi and So, Sung-Sau},
  journal={Artificial neural networks: methods and applications},
  pages={14--22},
  year={2009},
  publisher={Springer}
}

@inproceedings{selvin2017stock,
  title={Stock price prediction using LSTM, RNN and CNN-sliding window model},
  author={Selvin, Sreelekshmy and Vinayakumar, R and Gopalakrishnan, EA and Menon, Vijay Krishna and Soman, KP},
  booktitle={2017 international conference on advances in computing, communications and informatics (icacci)},
  pages={1643--1647},
  year={2017},
  organization={IEEE}
}

@article{kim2019financial,
  title={Financial series prediction using Attention LSTM},
  author={Kim, Sangyeon and Kang, Myungjoo},
  journal={arXiv preprint arXiv:1902.10877},
  year={2019}
}


@article{li2022incorporating,
  title={Incorporating transformers and attention networks for stock movement prediction},
  author={Li, Yawei and Lv, Shuqi and Liu, Xinghua and Zhang, Qiuyue},
  journal={Complexity},
  volume={2022},
  pages={1--10},
  year={2022},
  publisher={Hindawi Limited}
}

@article{yen2008efficient,
  title={Efficient market hypothesis (EMH): past, present and future},
  author={Yen, Gili and Lee, Cheng-few},
  journal={Review of Pacific Basin Financial Markets and Policies},
  volume={11},
  number={02},
  pages={305--329},
  year={2008},
  publisher={World Scientific}
}

@article{wang2022stock,
  title={Stock market index prediction using deep Transformer model},
  author={Wang, Chaojie and Chen, Yuanyuan and Zhang, Shuqi and Zhang, Qiuhui},
  journal={Expert Systems with Applications},
  volume={208},
  pages={118128},
  year={2022},
  publisher={Elsevier}
}



@article{kirisci2022new,
  title={A new CNN-based model for financial time series: TAIEX and FTSE stocks forecasting},
  author={Kirisci, Melih and Cagcag Yolcu, Ozge},
  journal={Neural Processing Letters},
  volume={54},
  number={4},
  pages={3357--3374},
  year={2022},
  publisher={Springer}
}

@article{idrees2019prediction,
  title={A prediction approach for stock market volatility based on time series data},
  author={Idrees, Sheikh Mohammad and Alam, M Afshar and Agarwal, Parul},
  journal={IEEE Access},
  volume={7},
  pages={17287--17298},
  year={2019},
  publisher={IEEE}
}


@article{reddy2019predicting,
  title={Predicting the stock market index using stochastic time series ARIMA modelling: The sample of BSE and NSE},
  author={Reddy, C Viswanatha},
  journal={Indian Journal of Finance},
  volume={13},
  number={8},
  pages={7--25},
  year={2019}
}

@article{johnson2007empirical,
  title={An Empirical Analysis of 130/30 Strategies},
  author={Johnson, Gordon and Ericson, Shannon and Srimurthy, Vikram},
  journal={Journal of Alternative Investments},
  volume={10},
  number={2},
  pages={31},
  year={2007},
  publisher={INSTITUTIONAL INVESTOR INC.}
}

@article{guo2022stock,
  title={Stock price forecasting based on improved time convolution network},
  author={Guo, Wenchao and Li, Zhigang and Gao, Chuang and Yang, Ying},
  journal={Computational Intelligence},
  volume={38},
  number={4},
  pages={1474--1491},
  year={2022},
  publisher={Wiley Online Library}
}


@article{hsu2016bridging,
  title={Bridging the divide in financial market forecasting: machine learners vs. financial economists},
  author={Hsu, Ming-Wei and Lessmann, Stefan and Sung, Ming-Chien and Ma, Tiejun and Johnson, Johnnie EV},
  journal={Expert systems with Applications},
  volume={61},
  pages={215--234},
  year={2016},
  publisher={Elsevier}
}

@article{lo2000foundations,
  title={Foundations of technical analysis: Computational algorithms, statistical inference, and empirical implementation},
  author={Lo, Andrew W and Mamaysky, Harry and Wang, Jiang},
  journal={The journal of finance},
  volume={55},
  number={4},
  pages={1705--1765},
  year={2000},
  publisher={Wiley Online Library}
}

@article{cao2019stock,
  title={Stock price forecasting model based on modified convolution neural network and financial time series analysis},
  author={Cao, Jiasheng and Wang, Jinghan},
  journal={International Journal of Communication Systems},
  volume={32},
  number={12},
  pages={e3987},
  year={2019},
  publisher={Wiley Online Library}
}

@inproceedings{xiang2023predicting,
  title={Predicting Intraday Trading Direction of CSI 300 Based on TCN Model},
  author={Xiang, Xuewei and Wang, Weidong},
  booktitle={2023 2nd International Conference on Machine Learning, Cloud Computing and Intelligent Mining (MLCCIM)},
  pages={293--299},
  year={2023},
  organization={IEEE}
}

@article{maillard2010properties,
  title={The properties of equally weighted risk contribution portfolios},
  author={Maillard, S{\'e}bastien and Roncalli, Thierry and Te{\"\i}letche, J{\'e}r{\^o}me},
  journal={Journal of Portfolio Management},
  volume={36},
  number={4},
  pages={60},
  year={2010},
  publisher={Citeseer}
}

@article{abate2022portfolio,
  title={Portfolio constraints: An empirical analysis},
  author={Abate, Guido and Bonafini, Tommaso and Ferrari, Pierpaolo},
  journal={International Journal of Financial Studies},
  volume={10},
  number={1},
  pages={9},
  year={2022},
  publisher={MDPI}
}

@article{sharpe1998sharpe,
  title={The sharpe ratio},
  author={Sharpe, William F},
  journal={Streetwise--the Best of the Journal of Portfolio Management},
  volume={3},
  pages={169--185},
  year={1998},
  publisher={Princeton University Press NJ}
}

@misc{investopedia_sharpe_ratio,
  title = {What Is a Good Sharpe Ratio?},
  author = {{Investopedia}},
  howpublished = {\url{https://www.investopedia.com/ask/answers/010815/what-good-sharpe-ratio.asp}},
  year = {n.d.},
}


@article{kim2003financial,
  title={Financial time series forecasting using support vector machines},
  author={Kim, Kyoung-jae},
  journal={Neurocomputing},
  volume={55},
  number={1-2},
  pages={307--319},
  year={2003},
  publisher={Elsevier}
}

@article{bebis1994feed,
  title={Feed-forward neural networks},
  author={Bebis, George and Georgiopoulos, Michael},
  journal={Ieee Potentials},
  volume={13},
  number={4},
  pages={27--31},
  year={1994},
  publisher={Ieee}
}


@article{graves2012long,
  title={Long short-term memory},
  author={Graves, Alex and Graves, Alex},
  journal={Supervised sequence labelling with recurrent neural networks},
  pages={37--45},
  year={2012},
  publisher={Springer}
}



@article{hochreiter1997long,
  title={Long short-term memory},
  author={Hochreiter, Sepp and Schmidhuber, J{\"u}rgen},
  journal={Neural computation},
  volume={9},
  number={8},
  pages={1735--1780},
  year={1997},
  publisher={MIT press}
}

@article{elman1990finding,
  title={Finding structure in time},
  author={Elman, Jeffrey L},
  journal={Cognitive science},
  volume={14},
  number={2},
  pages={179--211},
  year={1990},
  publisher={Wiley Online Library}
}

@article{cho2014learning,
  title={Learning phrase representations using RNN encoder-decoder for statistical machine translation},
  author={Cho, Kyunghyun and Van Merri{\"e}nboer, Bart and Gulcehre, Caglar and Bahdanau, Dzmitry and Bougares, Fethi and Schwenk, Holger and Bengio, Yoshua},
  journal={arXiv preprint arXiv:1406.1078},
  year={2014}
}


@inproceedings{althelaya2018stock,
  title={Stock market forecast using multivariate analysis with bidirectional and stacked (LSTM, GRU)},
  author={Althelaya, Khaled A and El-Alfy, El-Sayed M and Mohammed, Salahadin},
  booktitle={2018 21st Saudi Computer Society National Computer Conference (NCC)},
  pages={1--7},
  year={2018},
  organization={IEEE}
}


@inproceedings{sethia2019application,
  title={Application of LSTM, GRU and ICA for stock price prediction},
  author={Sethia, Akhil and Raut, Purva},
  booktitle={Information and Communication Technology for Intelligent Systems: Proceedings of ICTIS 2018, Volume 2},
  pages={479--487},
  year={2019},
  organization={Springer}
}


@article{fletcher2009support,
  title={Support vector machines explained},
  author={Fletcher, Tristan},
  journal={Tutorial paper},
  volume={1118},
  pages={1--19},
  year={2009}
}


@article{song2015decision,
  title={Decision tree methods: applications for classification and prediction},
  author={Song, Yan-Yan and Ying, LU},
  journal={Shanghai archives of psychiatry},
  volume={27},
  number={2},
  pages={130},
  year={2015},
  publisher={Shanghai Mental Health Center}
}

@inproceedings{parmar2019review,
  title={A review on random forest: An ensemble classifier},
  author={Parmar, Aakash and Katariya, Rakesh and Patel, Vatsal},
  booktitle={International conference on intelligent data communication technologies and internet of things (ICICI) 2018},
  pages={758--763},
  year={2019},
  organization={Springer}
}


@inproceedings{yamada2003decision,
  title={Decision-tree induction from time-series data based on a standard-example split test},
  author={Yamada, Yuu and Suzuki, Einoshin and Yokoi, Hideto and Takabayashi, Katsuhiko},
  booktitle={Proceedings of the 20th international conference on machine learning (ICML-03)},
  pages={840--847},
  year={2003}
}


@article{loh2011classification,
  title={Classification and regression trees},
  author={Loh, Wei-Yin},
  journal={Wiley interdisciplinary reviews: data mining and knowledge discovery},
  volume={1},
  number={1},
  pages={14--23},
  year={2011},
  publisher={Wiley Online Library}
}


@article{biau2016random,
  title={A random forest guided tour},
  author={Biau, G{\'e}rard and Scornet, Erwan},
  journal={Test},
  volume={25},
  pages={197--227},
  year={2016},
  publisher={Springer}
}

@article{rigatti2017random,
  title={Random forest},
  author={Rigatti, Steven J},
  journal={Journal of Insurance Medicine},
  volume={47},
  number={1},
  pages={31--39},
  year={2017},
  publisher={American Academy of Insurance Medicine 1700 Magnavox Way, Fort Wayne, IN 46804}
}

@article{friedman2002stochastic,
  title={Stochastic gradient boosting},
  author={Friedman, Jerome H},
  journal={Computational statistics \& data analysis},
  volume={38},
  number={4},
  pages={367--378},
  year={2002},
  publisher={Elsevier}
}